@Article{RePEc:eee:ejores:v:18:y:1984:i:3:p:339-348,
  author={Mulvey, John M. and Beck, Michael P.},
  title={Solving capacitated clustering problems},
  journal={European Journal of Operational Research},
  year=1984,
  volume={18},
  number={3},
  pages={339-348},
  month={December},
  keywords={},
  abstract={No abstract is available for
     this item.},
  url={http://ideas.repec.org/a/eee/ejores/v18y1984i3p339-348.html}
}

@article{negreiros2006capacitated,
  title={{The capacitated centred clustering problem}},
  author={NEGREIROS, M. and PALHANO, A.},
  journal={Computers \& operations research},
  volume={33},
  number={6},
  pages={1639--1663},
  year={2006},
  publisher={Elsevier Science}
}

@article{ahmadi2004density,
  title={{Density based problem space search for the capacitated clustering p-median problem}},
  author={Ahmadi, S. and Osman, I.H.},
  journal={Annals of Operations Research},
  volume={131},
  number={1},
  pages={21--43},
  year={2004},
  publisher={Springer}
}

@article{osman1994capacitated,
  title={{Capacitated clustering problems by hybrid simulated annealing and tabu search}},
  author={Osman, I.H. and Christofides, N.},
  journal={International Transactions in Operational Research},
  volume={1},
  number={3},
  pages={317--336},
  year={1994},
  publisher={Blackwell Publishing}
}

@article{lorena2003local,
  title={{Local search heuristics for capacitated p-median problems}},
  author={Lorena, L.A.N. and Senne, E.L.F.},
  journal={Networks and Spatial Economics},
  volume={3},
  number={4},
  pages={407--419},
  year={2003},
  publisher={Springer}
}

@MISC{Hansen_j-means:a,
    author = {Pierre Hansen and Nenad Mladenovic},
    title = {J-Means: A New Local Search Heuristic for Minimum Sum-of-Squares Clustering},
    year = {2002}
}
@article{forgy1965cluster,
  title={{Cluster analysis of multivariate data: efficiency versus interpretability models}},
  author={Forgy, E.W.},
  journal={Biometrics},
  volume={61},
  number={3},
  pages={768--769},
  year={1965}
}